@book{CLRS, author={Thomas H. Cormen}, publisher={MIT Press}, year={2001}, title={Introduction to Algorithms}, note={ISBN-13: 978-0262032933}}
